<record><leader>00000cas a22000007a 4500</leader><controlfield tag="001">12005227</controlfield><controlfield tag="008">850507d19251931wiuwr ne      0    0eng d</controlfield><datafield ind1=" " ind2=" " tag="010"><subfield code="a">sn 85040706 </subfield></datafield><datafield ind1=" " ind2=" " tag="040"><subfield code="a">NPV</subfield><subfield code="b">eng</subfield><subfield code="c">NPV</subfield><subfield code="d">OCLCQ</subfield></datafield><datafield ind1=" " ind2=" " tag="042"><subfield code="a">msc</subfield></datafield><datafield ind1=" " ind2=" " tag="045"><subfield code="a">x2x3</subfield></datafield><datafield ind1=" " ind2=" " tag="052"><subfield code="a">4123</subfield><subfield code="b">F7</subfield></datafield><datafield ind1="0" ind2=" " tag="130"><subfield code="a">Advertiser (Wabeno, Wis.)</subfield></datafield><datafield ind1="1" ind2="4" tag="245"><subfield code="a">The advertiser.</subfield></datafield><datafield ind1="1" ind2="7" tag="246"><subfield code="a">Wabeno advertiser</subfield></datafield><datafield ind1=" " ind2=" " tag="260"><subfield code="a">Wabeno, Forest County, Wis. :</subfield><subfield code="b">[J.W. Norris],</subfield><subfield code="c">1925-</subfield></datafield><datafield ind1=" " ind2=" " tag="300"><subfield code="a">v. :</subfield><subfield code="b">ill.</subfield></datafield><datafield ind1=" " ind2=" " tag="310"><subfield code="a">Weekly</subfield></datafield><datafield ind1="0" ind2=" " tag="362"><subfield code="a">Vol. 1, no. 1 (Sept. 11, 1925)-</subfield></datafield><datafield ind1="1" ind2=" " tag="362"><subfield code="a">Ceased in 1931.</subfield></datafield><datafield ind1=" " ind2=" " tag="500"><subfield code="a">"Published in the interests of Wabeno, Soperton, Forest County and Northern Wisconsin in general."</subfield></datafield><datafield ind1=" " ind2=" " tag="530"><subfield code="a">Available on microfilm from The State Historical Society of Wisconsin.</subfield></datafield><datafield ind1=" " ind2=" " tag="580"><subfield code="a">Merged with Forest County tribune to form Wabeno advertiser &amp; the Forest County tribune.</subfield></datafield><datafield ind1=" " ind2=" " tag="752"><subfield code="a">United States</subfield><subfield code="b">Wisconsin</subfield><subfield code="c">Forest</subfield><subfield code="d">Wabeno.</subfield></datafield><datafield ind1=" " ind2=" " tag="752"><subfield code="a">United States</subfield><subfield code="b">Wisconsin</subfield><subfield code="c">Forest</subfield><subfield code="d">Soperton.</subfield></datafield><datafield ind1="0" ind2="0" tag="780"><subfield code="t">Northern Wisconsin advertiser</subfield><subfield code="w">(DLC)sn 85040705</subfield></datafield><datafield ind1="1" ind2="7" tag="785"><subfield code="t">Forest County tribune</subfield></datafield><datafield ind1="1" ind2="7" tag="785"><subfield code="t">Wabeno advertiser &amp; the Forest County tribune</subfield><subfield code="w">(DLC)sn 85040707</subfield></datafield></record>